<?xml version="1.0" encoding="UTF-8"?><record xmlns="http://www.loc.gov/MARC21/slim" xmlns:cinclude="http://apache.org/cocoon/include/1.0" xmlns:zs="http://www.loc.gov/zing/srw/">
  <leader>00580cz  a2200133n  4500</leader>
  <controlfield tag="001">n  96034645 </controlfield>
  <controlfield tag="003">DLC</controlfield>
  <controlfield tag="005">19960416102829.1</controlfield>
  <controlfield tag="008">960409n| acannaab|          |a ana |||  </controlfield>
  <datafield tag="010" ind1=" " ind2=" ">
    <subfield code="a">n  96034645 </subfield>
  </datafield>
  <datafield tag="040" ind1=" " ind2=" ">
    <subfield code="a">DLC</subfield>
    <subfield code="c">DLC</subfield>
    <subfield code="d">DLC</subfield>
  </datafield>
  <datafield tag="110" ind1="2" ind2="0">
    <subfield code="a">Société d'économie mixte "Le logement dionysien"</subfield>
  </datafield>
  <datafield tag="410" ind1="2" ind2="0">
    <subfield code="a">Logement dionysien</subfield>
  </datafield>
  <datafield tag="670" ind1=" " ind2=" ">
    <subfield code="a">Saint-Denis, 1994:</subfield>
    <subfield code="b">front cover flap (Société d'économie mixte de construction "Le logement dionysien"; Logement dionysien [logo]; f. 1956) p. 163 (Société d'économie mixte "Le logement dionysien" [formal statement regarding operations])</subfield>
  </datafield>
</record>